@inproceedings{tan2021efficientnetv2,
  title={Efficientnetv2: Smaller models and faster training},
  author={Tan, Mingxing and Le, Quoc},
  booktitle={International conference on machine learning},
  pages={10096--10106},
  year={2021},
  organization={PMLR}
}

@inproceedings{optuna_2019,
    title={Optuna: A Next-generation Hyperparameter Optimization Framework},
    author={Akiba, Takuya and Sano, Shotaro and Yanase, Toshihiko and Ohta, Takeru and Koyama, Masanori},
    booktitle={Proceedings of the 25th {ACM} {SIGKDD} International Conference on Knowledge Discovery and Data Mining},
    year={2019}
}

@article{shi2008daytime,
  title={Daytime arctic cloud detection based on multi-angle satellite data with case studies},
  author={Shi, Tao and Yu, Bin and Clothiaux, Eugene E and Braverman, Amy J},
  journal={Journal of the American Statistical Association},
  volume={103},
  number={482},
  pages={584--593},
  year={2008},
  publisher={Taylor \& Francis}
}